@book{Yu,
  title     = {Bio-Inspired Credit Risk Analysis: Computational Intelligence with Support Vector Machines},
  author    = {Lean Yu, Shouyang Wang, Kin Keung Lai, Ligang Zhou},
  year      = {2008},
  publisher = {Springer Link}
}

@conference{madhutest,
  title     = {A Process to Validate Internal Developed {R} Package under Regulatory Environment},
  author    = {Ginnaram, Madhusudhan and Ye, Simiao and Zhu, Yalin and Zhang, Yilong},
  year      = {2021},
  publisher = {PharmaSUG}
}

@book{Islam,
  title     = {Application of Artificial Intelligence (Artificial
Neural Network) to Assess Credit Risk:
A Predictive Model For Credit Card Scoring},
  author    = {Samsul Islam, Lin Zhou, Fei Li},
  year      = {2009},
  publisher = {Springer Link}
}

@book{Flórez,
  title     = {‘Modelo Logit y Probit: Un Caso de Aplicación},
  author    = {Flórez, y William Arley Rincón, Orlando Moscote},
  year      = {2002},
  publisher = {Universidad Santo Tomas de Colombia}
}

@book{Gutierrez,
  title     = {Modelos de credit scoring: qué, cómo, cuándo y para qué},
  author    = {Gutierrez Girault, Matias Alfredo},
  year      = {2007},
  publisher = {Munich Personal RePEc Archive}
}

@book{Guajarati,
  title     = {Econometría},
  author    = {Gujarati, Demetrio Garmendia Guerrero, Damodar N},
  year      = {2005},
  publisher = {McGraw-Hill}
}

@book{Allison,
  title     = {Logistic Regression Using SAS: Theory and Application},
  author    = {Paul D. Allison},
  year      = {2012},
  publisher = {SAS Press}
}

@book{Salas,
  title     = {La regresión logística . Una aplicación a
la demanda de estudios universitarios},
  author    = {MANUEL SALAS VELAS^U},
  year      = {1996},
  publisher = {SAS Press}
}

@article{Salas,
  author  = {Manuel Salas Velasco},
  title   = {La regresión logística . Una aplicación a
la demanda de estudios universitarios},
  year    = {1996},
  journal = {ESTADÍSTICA ESPAÑOLA},
  pages   = {193--217},
  volume  = {38},
  number  = {141}
}

@book{teamgeek,
  title     = {Team geek: a software developer's guide to working well with others},
  author    = {Fitzpatrick, Brian and Collins-Sussman, Ben},
  year      = {2012},
  publisher = {O'Reilly Media}
}

@book{wickham2023r,
  title     = {R packages},
  author    = {Wickham, Hadley and Bryan, Jennifer},
  year      = {2023},
  publisher = {O'Reilly Media, Inc.}
}

@book{bahamon,
  title     = {MODELO PREDICTIVO NEURONAL PARA LA EVALUACIÓN DEL RIESGO
CREDITICIO},
  author    = {RODRIGO VILLAMIL BAHAMÓN},
  year      = {2013},
  publisher = {Universidad Nacional de Colombia}
}

@conference{wuanalysis,
  title     = {Analysis and Reporting in Regulated Clinical Trial Environment using {R}},
  author    = {Wu, Peikun and Palukuru, Uday Preetham and Luo, Yiwen and Nepal, Sarad and Zhang, Yilong},
  year      = {2021},
  publisher = {PharmaSUG}
}


@book{Brio,
  title = {Redes neuronales y sistemas difusos},
  author    = {Brío, Bonifacio Martín del, y Alfredo Sanz Molina},
  year      = {2002},
  publisher = {Bogotá Colombia}
}

@book{González,
  title = {Redes neuronales artificiales: fundamentos, modelos y aplicaciones.},
  author    = {González, José Ramón Hilera, y Víctor José Martínez Hernando},
  year      = {2000},
  publisher = {México: Alfaomega: Ra-Ma.}
}

@book{Tudela,
  title = {Análisis y pronóstico de la demanda de
potencia eléctrica en Bolivia: una aplicación de redes neuronales},
  author    = {Tudela, Sanjinés, y Gimmy Nardó.},
  year      = {2011},
  publisher = {Revista Latinoamericana de Desarrollo Económico.}
}

@book{Carranza,
  title = {“INTRODUCCIÓN A LAS TÉCNICAS DE
INTELIGENCIA ARTIFICIAL APLICADAS A LA GESTIÓN FINANCIERA
EMPRESARIAL},
  author    = {Carranza Bravo, Paola.},
  year      = {2010},
  publisher = {Fides et Ratio - Revista de Difusión cultural y científica de la Universidad La Salle en Bolivia 4 (4): 8–15.}
}

@book{Jiménez,
  title = {“Las redes neuronales en su aplicación a las finanzas”},
  author    = {Jiménez-Caballero, José Luis, y Ramón Jesús Ruiz Martínez},
  year      = {2000},
  publisher = {. Banca y finanzas: Revista profesional de gestión
financiera, núm. 54: 19–27.}
}

@book{Riedmiller,
  title = {“A Direct Adaptive Method for Faster
Backpropagation Learning: The RPROP Algorithm”},
  author    = {Riedmiller, Martin, y Heinrich Braun},
  year      = {1993},
  publisher = { En, 1:586–91 vol.1. https://doi.org/10.1109/ICNN.1993.298623.}
}

@book{Shiffmann,
  title = {“Optimization of the Backpropagation
Algorithm for Training Multilayer Perceptrons”},
  author    = {Schiffmann, W, M Joost, y R Werner},
  year      = {1994},
  publisher = {diciembre.}
}

@book{Almeida,
  title = {“Modelling the dusty universe I: Introducing the artificial neural network and first applications to luminosity and colour distributions”},
  author    = {Almeida, C, Carlton Baugh, C Lacey, C S. Frenk, G L. Granato, Laura Silva, y Alessandro Bressan},
  year      = {2009},
  publisher = {Monthly
Notices of the Royal Astronomical Society 402 (junio).
https://doi.org/10.1111/j.1365-2966.2009.15920.x.}
}

@book{Igel,
  title = {“Improving the Rprop Learning Algorithm”},
  author    = {Igel, Christian, y Michael Hüsken},
  year      = {2000},
  publisher = {.}
}

@book{Ladino,
  title = {“Comparación de modelos de riesgo de crédito:
modelos logísticos y redes neuronales”},
  author    = {Ladino, Becerra Iván Camilo},
  year      = {2014},
  publisher = {Pontifica Universidad Javeriana Facultad de Ciencias Economicas y Administrativas maestria en economía}
}

@book{Santos,
  title = {Un primer curso en series temporales},
  author    = {Santos, Holger Capa},
  year      = {2008},
  publisher = {Primera. Quito}
  }

  @book{Scheaffer,
  title = {Elementos de muestreo},
  author    = {Scheaffer, Richard L, William Mendenhall, y R. Lyman Ott},
  year      = {2013},
  publisher = {Madrid (España): Paraninfo}
  }

  @book{Siddiqi,
  title = {credit risk scorecards: developing and implementing intelligent credit scoring.},
  author    = {Siddiqi, Naeem},
  year      = {2006},
  publisher = {Hoboken. N. J: Wiley}
  }

  @book{Moral,
  title = {Modelos de regresión: lineal simple y regresión logística},
  author    = {Moral, Irene},
  year      = {2006},
  publisher = {Revista Seden, el 3 de diciembre de 2006}
  }


@book{Sanchez,
title = {Una nueva metodología de entrenamiento de redes neuronales y sus implicaciones en la seleción de modelos},
  author    = {Sanchez, Paola},
  year      = {2012},
  publisher = {Universidad Nacional de Colombia}
  }

@book{Wasserman,
title = {All of Statistics: A concise Course in Statistical Inference},
  author    = {Wasserman, Larry},
  year      = {2010},
  publisher = {Springer Publishing Company, Incorporated}
  }

@book{Fox,
title = {Linear Models Problems},
  author    = {Fox, John},
  year      = {2003},
  publisher = {Canada: McMaster Universrity}
  }

@book{Yoo,
title = {A Study of Effects of MultiCollinearity in the Multivariable Analysis},
  author    = {Yoo, Wonsuk, Robert Mayberry, Sejong Bae, Karan Singh, Qinghua (peter)},
  year      = {2014},
  publisher = {International Journal of applied science and technology}
  }

@book{Rezac,
title = {How to Measure the Quality of Credit Scoring Models},
  author    = {Rezac, Martin, y František Řezáč},
  year      = {2011},
  publisher = {Czech Journal of Economics and Finance}
  }

@book{Cadarso,
title = {Metodología ROC en la Evaluación de Medidas Antropométricas como marcadores de la Hipertensión Arterial},
  author    = {Cadarso Suárez, Carmen Maria},
  year      = {2010},
  publisher = {Universidad de Santiago de Compostela}}

  @book{D.Handall,
title = {“Statistical Classification Methods in Consumer CreditScoring: A Review”},
  author    = {D. Handall y Till},
  year      = {2001},
  publisher = {Journal of the Royal Statistical Society. Series A (Statistics
in Society)}}















@article{zhao2023electronic,
  title     = {Electronic common technical document submission with analysis using {R}},
  author    = {Zhao, Yujie and Xiao, Nan and Anderson, Keaven and Zhang, Yilong},
  journal   = {Clinical Trials},
  volume    = {20},
  number    = {1},
  pages     = {89--92},
  year      = {2023},
  publisher = {SAGE Publications Sage UK: London, England}
}